<?xml version="1.0" encoding="UTF-8"?><collection xmlns="http://www.loc.gov/MARC21/slim"><record><leader>00496nam--2200205-u-4500</leader><controlfield tag="001">000050347</controlfield><controlfield tag="002">20161230</controlfield><controlfield tag="003">81432</controlfield><controlfield tag="005">20161230201048</controlfield><controlfield tag="008">070112s1000------------r-----000-0-eng-d</controlfield><datafield ind1=" " ind2=" " tag="020"><subfield code="a">0-19-85117-2</subfield></datafield><datafield ind1=" " ind2=" " tag="040"><subfield code="a">IFIN-HH</subfield></datafield><datafield ind1=" " ind2=" " tag="041"><subfield code="a">eng</subfield></datafield><datafield ind1=" " ind2=" " tag="080"><subfield code="a">530.145.6</subfield></datafield><datafield ind1="1" ind2=" " tag="100"><subfield code="a">evans,David E. and Kawahigashi,Yasuyuki</subfield></datafield><datafield ind1="1" ind2="0" tag="245"><subfield code="a">Quantum Symmetries on Operator Algebras</subfield></datafield><datafield ind1=" " ind2=" " tag="300"><subfield code="a">829 p</subfield></datafield><datafield ind1=" " ind2="4" tag="650"><subfield code="a">C*-algebras basics</subfield></datafield><datafield ind1=" " ind2=" " tag="852"><subfield code="c">530.14</subfield></datafield><datafield ind1=" " ind2=" " tag="CAT"><subfield code="a">Sys</subfield><subfield code="c">20070112</subfield><subfield code="h">090426</subfield></datafield></record></collection>